% InterMOD 23652793 
@Article{intermod,
   Author="Sullivan, J.  and Karra, K.  and Moxon, S. A.  and Vallejos, A.  and Motenko, H.  and Wong, J. D.  and Aleksic, J.  and Balakrishnan, R.  and Binkley, G.  and Harris, T.  and Hitz, B.  and Jayaraman, P.  and Lyne, R.  and Neuhauser, S.  and Pich, C.  and Smith, R. N.  and Trinh, Q.  and Cherry, J. M.  and Richardson, J.  and Stein, L.  and Twigger, S.  and Westerfield, M.  and Worthey, E.  and Micklem, G. ",
   Title="{{I}nter{M}{O}{D}: integrated data and tools for the unification of model organism research}",
   Journal="Sci Rep",
   Year="2013",
   Volume="3",
   Pages="1802"
}

% modMine 22080565 
@Article{modmine,
   Author="Contrino, S.  and Smith, R. N.  and Butano, D.  and Carr, A.  and Hu, F.  and Lyne, R.  and Rutherford, K.  and Kalderimis, A.  and Sullivan, J.  and Carbon, S.  and Kephart, E. T.  and Lloyd, P.  and Stinson, E. O.  and Washington, N. L.  and Perry, M. D.  and Ruzanov, P.  and Zha, Z.  and Lewis, S. E.  and Stein, L. D.  and Micklem, G. ",
   Title="{mod{M}ine: flexible access to mod{E}{N}{C}{O}{D}{E} data}",
   Journal="Nucleic Acids Res.",
   Year="2012",
   Volume="40",
   Number="Database issue",
   Pages="D1082--1088",
   Month="Jan"
}

% InterMine 23023984 
@Article{intermine,
   Author="Smith, R. N.  and Aleksic, J.  and Butano, D.  and Carr, A.  and Contrino, S.  and Hu, F.  and Lyne, M.  and Lyne, R.  and Kalderimis, A.  and Rutherford, K.  and Stepan, R.  and Sullivan, J.  and Wakeling, M.  and Watkins, X.  and Micklem, G. ",
   Title="{{I}nter{M}ine: a flexible data warehouse system for the integration and analysis of heterogeneous biological data}",
   Journal="Bioinformatics",
   Year="2012",
   Volume="28",
   Number="23",
   Pages="3163--3165",
   Month="Dec"
}

% 17994087 
@Article{clark:2007,
   Author="Clark et al.",
   Title="{{E}volution of genes and genomes on the {D}rosophila phylogeny}",
   Journal="Nature",
   Year="2007",
   Volume="450",
   Number="7167",
   Pages="203--218",
   Month="Nov"
}

% 17182697 
@Article{rivals,
   Author="Rivals, I.  and Personnaz, L.  and Taing, L.  and Potier, M. C. ",
   Title="{{E}nrichment or depletion of a {G}{O} category within a class of genes: which test?}",
   Journal="Bioinformatics",
   Year="2007",
   Volume="23",
   Number="4",
   Pages="401--407",
   Month="Feb"
}

% 14962934 
@Article{beissbarth,
   Author="Beissbarth, T.  and Speed, T. P. ",
   Title="{{G}{O}stat: find statistically overrepresented {G}ene {O}ntologies within a group of genes}",
   Journal="Bioinformatics",
   Year="2004",
   Volume="20",
   Number="9",
   Pages="1464--1465",
   Month="Jun"
}

@Article{benjamini,
   Author="Yoav Benjamini and Yosef Hochberg",
   Journal="Journal of the Royal Statistical Society. Series B (Methodological)",
   Title="{C}ontrolling the False Discovery Rate: A Practical and Powerful Approach to Multiple Testing",
   Year="1995",
   Volume="57",
   Number="1",
   Pages="289--300",
   Publisher="Wiley"
}

% flymine
@Article{flymine,
   Author="Lyne, R.  and Smith, R.  and Rutherford, K.  and Wakeling, M.  and Varley, A.  and Guillier, F.  and Janssens, H.  and Ji, W.  and Mclaren, P.  and North, P.  and Rana, D.  and Riley, T.  and Sullivan, J.  and Watkins, X.  and Woodbridge, M.  and Lilley, K.  and Russell, S.  and Ashburner, M.  and Mizuguchi, K.  and Micklem, G. ",
   Title="{{F}ly{M}ine: an integrated database for {D}rosophila and {A}nopheles genomics}",
   Journal="Genome Biol.",
   Year="2007",
   Volume="8",
   Number="7",
   Pages="R129"
}
% flybase
@Article{flybase,
   Author="Marygold, S. J.  and Leyland, P. C.  and Seal, R. L.  and Goodman, J. L.  and Thurmond, J.  and Strelets, V. B.  and Wilson, R. J.  and Gelbart, W.  and Broll, K.  and Crosby, L.  and Santos, G. d.  and Emmert, D.  and Falls, K.  and Gramates, L.  and Matthews, B.  and Russo, S.  and Schroeder, A.  and Pierre, S. S.  and Zhou, P.  and Zytkovicz, M.  and Brown, N. H.  and Adryan, B.  and Attrill, H.  and Costa, M.  and Field, H.  and Marygold, S.  and McQuilton, P.  and Millburn, G.  and Ponting, L.  and Osumi-Sutherland, D.  and Stefancsik, R.  and Tweedie, S.  and Kaufman, T.  and Matthews, K.  and Goodman, J.  and Grumbling, G.  and Strelets, V.  and Thurmond, J.  and Wong, J. D.  and Werner-Washburne, M.  and Cripps, R.  and Platero, H. ",
   Title="{{F}ly{B}ase: improvements to the bibliography}",
   Journal="Nucleic Acids Res.",
   Year="2013",
   Volume="41",
   Number="Database issue",
   Pages="D751--757",
   Month="Jan"
}
% kegg
@Article{kegg,
   Author="Ogata, H.  and Goto, S.  and Sato, K.  and Fujibuchi, W.  and Bono, H.  and Kanehisa, M. ",
   Title="{{K}{E}{G}{G}: {K}yoto {E}ncyclopedia of {G}enes and {G}enomes}",
   Journal="Nucleic Acids Res.",
   Year="1999",
   Volume="27",
   Number="1",
   Pages="29--34",
   Month="Jan"
}
% reactome
@Article{reactome,
   Author="Joshi-Tope, G.  and Gillespie, M.  and Vastrik, I.  and D'Eustachio, P.  and Schmidt, E.  and de Bono, B.  and Jassal, B.  and Gopinath, G. R.  and Wu, G. R.  and Matthews, L.  and Lewis, S.  and Birney, E.  and Stein, L. ",
   Title="{{R}eactome: a knowledgebase of biological pathways}",
   Journal="Nucleic Acids Res.",
   Year="2005",
   Volume="33",
   Number="Database issue",
   Pages="D428--432",
   Month="Jan"
}
% flyfish
@Article{flyfish,
   Author="Lecuyer, E.  and Yoshida, H.  and Parthasarathy, N.  and Alm, C.  and Babak, T.  and Cerovina, T.  and Hughes, T. R.  and Tomancak, P.  and Krause, H. M. ",
   Title="{{G}lobal analysis of m{R}{N}{A} localization reveals a prominent role in organizing cellular architecture and function}",
   Journal="Cell",
   Year="2007",
   Volume="131",
   Number="1",
   Pages="174--187",
   Month="Oct"
}

@misc{site:list-widgets,
  Title = "List Widgets Project",
  howpublished = "\url{https://github.com/intermine/intermine-apps-c/tree/master/list-widgets}"
}

@Article{biojs,
   Author="Gomez, J.  and Garcia, L. J.  and Salazar, G. A.  and Villaveces, J.  and Gore, S.  and Garcia, A.  and Martin, M. J.  and Launay, G.  and Alcantara, R.  and Del-Toro, N.  and Dumousseau, M.  and Orchard, S.  and Velankar, S.  and Hermjakob, H.  and Zong, C.  and Ping, P.  and Corpas, M.  and Jimenez, R. C. ",
   Title="{{B}io{J}{S}: an open source {J}ava{S}cript framework for biological data visualization}",
   Journal="Bioinformatics",
   Year="2013",
   Volume="29",
   Number="8",
   Pages="1103--1104",
   Month="Apr"
}

@misc{site:biojs-registry,
  Title = "BioJS Project Registry",
  howpublished = "\url{http://www.ebi.ac.uk/Tools/biojs/registry}"
}
@misc{site:biojs-doc,
  Title = "BioJS Project API documentation",
  howpublished = "\url{http://www.ebi.ac.uk/Tools/biojs/jsdoc}"
}

@misc{site:flybase,
  Title = "FlyBase",
  howpublished = "\url{http://flybase.org}"
}

@misc{site:kegg,
  Title = "Kegg",
  howpublished = "\url{http://www.genome.jp/kegg/}"
}

@misc{site:reactome,
  Title = "Reactome",
  howpublished = "\url{http://www.reactome.org/}"
}

% metabolicmine
@Article{metabolicmine,
   Author="Lyne, M.  and Smith, R. N.  and Lyne, R.  and Aleksic, J.  and Hu, F.  and Kalderimis, A.  and Stepan, R.  and Micklem, G. ",
   Title="{metabolic{M}ine: an integrated genomics, genetics and proteomics data warehouse for common metabolic disease research}",
   Journal="Database (Oxford)",
   Year="2013",
   Volume="2013",
   Pages="bat060"
}

% targetmine
@Article{targetmine,
   Author="Chen, Y. A.  and Tripathi, L. P.  and Mizuguchi, K. ",
   Title="{{T}arget{M}ine, an integrated data warehouse for candidate gene prioritisation and target discovery}",
   Journal="PLoS ONE",
   Year="2011",
   Volume="6",
   Number="3",
   Pages="e17844"
}

% flytfmine
@Article{flytfmine,
   Author="Adryan, B.  and Teichmann, S. A. ",
   Title="{{F}ly{T}{F}: a systematic review of site-specific transcription factors in the fruit fly {D}rosophila melanogaster}",
   Journal="Bioinformatics",
   Year="2006",
   Volume="22",
   Number="12",
   Pages="1532--1533",
   Month="Jun"
}

% mitominer
@Article{mitominer,
   Author="Smith, A. C.  and Robinson, A. J. ",
   Title="{{M}ito{M}iner, an integrated database for the storage and analysis of mitochondrial proteomics data}",
   Journal="Mol. Cell Proteomics",
   Year="2009",
   Volume="8",
   Number="6",
   Pages="1324--1337",
   Month="Jun"
}

% modMine 22080565 
@Article{contrino2012,
   Author="Contrino, S.  and Smith, R. N.  and Butano, D.  and Carr, A.  and Hu, F.  and Lyne, R.  and Rutherford, K.  and Kalderimis, A.  and Sullivan, J.  and Carbon, S.  and Kephart, E. T.  and Lloyd, P.  and Stinson, E. O.  and Washington, N. L.  and Perry, M. D.  and Ruzanov, P.  and Zha, Z.  and Lewis, S. E.  and Stein, L. D.  and Micklem, G. ",
   Title="{mod{M}ine: flexible access to mod{E}{N}{C}{O}{D}{E} data}",
   Journal="Nucleic Acids Res.",
   Year="2012",
   Volume="40",
   Number="Database issue",
   Pages="D1082--1088",
   Month="Jan"
}

